@MISC{URL:XML,
   title     = {{ACM LaTeX Style}},
   note      = {http://www.acm.org/publications/latex\_style/}
}
